10400000         22345840100019530653501P    0000   0485340003000004409 FASTCASH CORRESPONDENTE BANCARCAIXA                                   12702202002414200637908001600                                                      000            
10400011C2001041 22345840100019530653501000101      0485340003000004409 FASTCASH CORRESPONDENTE BANCARPAGARHOJEX14001                         Av Paulista                   02073Conj 1411      Sao Paulo           01311200SP                  
1040001300001A00000010402211X0013000263746 Liliane do Nascimento Silva   014001             127022020BRL000000000000000000000000002098000000000   01N1270000000000000000000000000                                        00          0          
1040001300002B   100000899716555Av Paulista                   02073Conj 1411      Bela Vista     Sao Paulo           01311200SP27022020000000000000000000000000000000000000000000000000000000000000000000000000000                              
1040001300003A0000001040207960013000125075 Isaque bastos                 014004             127022020BRL000000000000000000000000001000000000000   01N1270000000000000000000000000                                        00          0          
1040001300004B   100004892136506Av Paulista                   02073Conj 1411      Bela Vista     Sao Paulo           01311200SP27022020000000000000000000000000000000000000000000000000000000000000000000000000000                              
1040001300005A0000001040296880013000488232 Maria Jose dos Santos         074297             127022020BRL000000000000000000000000002000000000000   01N1270000000000000000000000000                                        00          0          
1040001300006B   100005926846609Av Paulista                   02073Conj 1411      Bela Vista     Sao Paulo           01311200SP27022020000000000000000000000000000000000000000000000000000000000000000000000000000                              
1040001300007A0000001040375080013001990152 Anderson                      075994             127022020BRL000000000000000000000000014000000000000   01N1270000000000000000000000000                                        00          0          
1040001300008B   100040818197854Av Paulista                   02073Conj 1411      Bela Vista     Sao Paulo           01311200SP27022020000000000000000000000000000000000000000000000000000000000000000000000000000                              
1040001300009A0000001040372810013000430641 Emanuel Victor Da Costa Santos076074             127022020BRL000000000000000000000000002301000000000   01N1270000000000000000000000000                                        00          0          
1040001300010B   100001774820285Av Paulista                   02073Conj 1411      Bela Vista     Sao Paulo           01311200SP27022020000000000000000000000000000000000000000000000000000000000000000000000000000                              
1040001300011A0000001040202220013000567695 Bianca Carla Amaral dos Santos077911             127022020BRL000000000000000000000000001003000000000   01N1270000000000000000000000000                                        00          0          
1040001300012B   100008053620531Av Paulista                   02073Conj 1411      Bela Vista     Sao Paulo           01311200SP27022020000000000000000000000000000000000000000000000000000000000000000000000000000                              
10400015         000014000000000000022402000000000000000000000000                                                                                                                                                                               
10499999         000001000016000000                                                                                                                                                                                                             
